@inproceedings{netcomplete,
 author = {\myname{A. El-Hassany} and  Petar Tsankov and Laurent Vanbever and Martin Vechev},
 title = {{NetComplete: Practical Network-Wide Configuration Synthesis with Autocompletion}},
 booktitle = {NSDI 2018},
}


@inproceedings{synet-cav,
 author = {\myname{A. El-Hassany} and  Petar Tsankov and Laurent Vanbever and Martin Vechev.},
 title = {{Network-wide Configuration Synthesis}},
 booktitle = {CAV 2017},
}

@inproceedings{bigbug,
 author = {Roman May and {\myname{A. El-Hassany}} and Laurent Vanbever and Martin Vechev},
 title = {{BigBug: Practical Concurrency Analysis for SDN}},
 booktitle = {SOSR 2017},
}


@inproceedings{sdnracer2,
 author = {{\myname{A. El-Hassany}} and Miserez, Jeremie and Bielik, Pavol and Vechev, Martin and Vanbever, Laurent},
 title = {{SDNRacer: Concurrency Analysis for Software-Defined Networks}},
 booktitle = {PLDI 2016},
} 

@inproceedings{cnf,
 author = {Yang, Edward Z and  Campagna, Giovanni and A\u{g}acan, \"{O}mer S. and {\myname{A. El-Hassany}} and Kulkarni, Abhishek and Newton, Ryan R.},
 title = {{Efficient Communication and Collection with Compact Normal Forms}},
 booktitle = {ICFP 2015}, 
} 


@inproceedings{sdnracer,
 author = {Miserez, Jeremie and  Bielik, Pavol and {\myname{A. El-Hassany}} and Vanbever, Laurent and Vechev, Martin},
 title = {{SDNRacer: Detecting Concurrency Violations in Software-defined Networks}},
 booktitle = {SOSR 2015},
} 

@inproceedings{scott2014trooubleshooting,
 author = {Scott, Colin and Wundsam, Andreas and Raghavan, Barath and Panda, Aurojit and Or, Andrew and Lai, Jefferson and Huang, Eugene and Liu, Zhi and {\myname{A. El-Hassany}} and Whitlock, Sam and Acharya, H.B. and Zarifis, Kyriakos and Shenker, Scott},
 title = {{Troubleshooting Blackbox SDN Control Software with Minimal Causal Sequences}},
 booktitle = {SIGCOMM 2014},
 keywords = {SDN control software, test case minimization, troubleshooting},
} 


@inproceedings{ahassany2013unis,
author={{\myname{A. El-Hassany}} and Kissel, Ezra and Gunter, Dan and Swany, Martin},
booktitle={IEEE International Conference on Services Computing (SCC 2013)},
title={{Design and Implementation of a Unified Network Information Service}},}
