@inproceedings{ahassanyGEMINI,
  title={{GEMINI Tutorial: Measuring and instrumenting GENI experiment. GEC 13-16, 2012--2013}},
  author={{\myname{A. El-Hassany}} and Ezra Kissel and Jim Griffioen},
  series={GENI Engineering Conference (GEC 13--16)},
  year={2012-2013},
}


@inproceedings{ahassanySC11,
  title={{Using Periscope to monitor End-to-End Circuit Service at Layer2 (ECSEL). SC'11}},
  author={{\myname{A. El-Hassany}} Eric Pouyoul and Vertika Singh and Brian Tierney and Inder Monga and Samarat Gangualy and Munehiro Ikeda and Martin Swany and Ezra Kissel},
  series={ACM/IEEE Supercomputing Conference},
  year={2011},
}
