@techreport{digitalmap,
  author = {Olga Havel and Benoit Claise and Oscar Gonzalez de Dios and {\myname{A. Elhassany}} and Thomas Graf and Mohamed Boucadair},
  title = {Modeling the Digital Map based on RFC 8345: Sharing Experience and Perspectives},
  howpublished = {Working Draft},
  type = {Internet-Draft},
  number = {draft-havel-opsawg-digital-map-01},
  year = {2023},
  month = {October},
  institution = {IETF Secretariat},
}

@article{synet-arxiv,
Author = {\myname{A. Elhassany} and  Tsankov, Petar and Vanbever, Laurent and Vechev, Martin},
Title = {{Network-wide Configuration Synthesis}},
Year = {2016},
journal={arXiv preprint arXiv:1611.02537},
Eprint = {arXiv:1611.02537},
}
