@INPROCEEDINGS{6212056,
author={Kissel, Ezra and {\myname{A. El-Hassany}}  and Fernandes, Guilherme and Swany, Martin and Gunter, Dan and Samak, Taghrid and Schopf, Jennifer M.},
booktitle={IEEE Network Operations and Management Symposium (NOMS)},
title={{Scalable Integrated Performance Analysis of Multi-Gigabit Networks}},
year={2012},
keywords={signalling protocols;telecommunication network management;telecommunication network reliability;I/O intensive bulk data transfer;XSP;context-sensitive adaptive measurement collection;end-to-end network performance characteristics;light-weight extensible session protocol;measurement collection architecture;multigigabit network management;scalable integrated performance analysis;Benchmark testing;Frequency measurement;Instruments;Monitoring;Protocols;Throughput},
doi={10.1109/NOMS.2012.6212056},
ISSN={1542-1201},}
